%YAML 1.1
%TAG !u! tag:unity3d.com,2011:
--- !u!1 &183532
GameObject:
  m_ObjectHideFlags: 0
  m_PrefabParentObject: {fileID: 0}
  m_PrefabInternal: {fileID: 100100000}
  serializedVersion: 4
  m_Component:
  - 4: {fileID: 483018}
  - 114: {fileID: 11413238}
  - 212: {fileID: 21294740}
  - 61: {fileID: 6187636}
  m_Layer: 12
  m_Name: Floor
  m_TagString: Untagged
  m_Icon: {fileID: 0}
  m_NavMeshLayer: 0
  m_StaticEditorFlags: 0
  m_IsActive: 1
--- !u!4 &483018
Transform:
  m_ObjectHideFlags: 1
  m_PrefabParentObject: {fileID: 0}
  m_PrefabInternal: {fileID: 100100000}
  m_GameObject: {fileID: 183532}
  m_LocalRotation: {x: 0, y: 0, z: 0, w: 1}
  m_LocalPosition: {x: 0, y: 32, z: 0}
  m_LocalScale: {x: 1, y: 1, z: 1}
  m_Children: []
  m_Father: {fileID: 0}
  m_RootOrder: 0
--- !u!61 &6187636
BoxCollider2D:
  m_ObjectHideFlags: 1
  m_PrefabParentObject: {fileID: 0}
  m_PrefabInternal: {fileID: 100100000}
  m_GameObject: {fileID: 183532}
  m_Enabled: 1
  m_Material: {fileID: 0}
  m_IsTrigger: 1
  m_UsedByEffector: 0
  m_Offset: {x: 0, y: 0}
  serializedVersion: 2
  m_Size: {x: 32, y: 32}
--- !u!114 &11413238
MonoBehaviour:
  m_ObjectHideFlags: 1
  m_PrefabParentObject: {fileID: 0}
  m_PrefabInternal: {fileID: 100100000}
  m_GameObject: {fileID: 183532}
  m_Enabled: 1
  m_EditorHideFlags: 0
  m_Script: {fileID: 11500000, guid: 41c50df7d2df8fc4b8e3e543f295929b, type: 3}
  m_Name: 
  m_EditorClassIdentifier: 
  Health: 100
  DestroyDeath: 1
--- !u!212 &21294740
SpriteRenderer:
  m_ObjectHideFlags: 1
  m_PrefabParentObject: {fileID: 0}
  m_PrefabInternal: {fileID: 100100000}
  m_GameObject: {fileID: 183532}
  m_Enabled: 1
  m_CastShadows: 0
  m_ReceiveShadows: 0
  m_Materials:
  - {fileID: 10754, guid: 0000000000000000e000000000000000, type: 0}
  m_SubsetIndices: 
  m_StaticBatchRoot: {fileID: 0}
  m_UseLightProbes: 1
  m_ReflectionProbeUsage: 1
  m_ProbeAnchor: {fileID: 0}
  m_ScaleInLightmap: 1
  m_PreserveUVs: 0
  m_ImportantGI: 0
  m_AutoUVMaxDistance: .5
  m_AutoUVMaxAngle: 89
  m_LightmapParameters: {fileID: 0}
  m_SortingLayerID: 829177821
  m_SortingOrder: 0
  m_Sprite: {fileID: 21300000, guid: 3e000b362b3b27943a2e18979a2f342c, type: 3}
  m_Color: {r: 1, g: 1, b: 1, a: 1}
--- !u!1001 &100100000
Prefab:
  m_ObjectHideFlags: 1
  serializedVersion: 2
  m_Modification:
    m_TransformParent: {fileID: 0}
    m_Modifications:
    - target: {fileID: 0}
      propertyPath: FloorSprites.Array.size
      value: 3
      objectReference: {fileID: 0}
    - target: {fileID: 0}
      propertyPath: m_SortingLayerID
      value: 829177821
      objectReference: {fileID: 0}
    - target: {fileID: 0}
      propertyPath: m_Color.r
      value: 1
      objectReference: {fileID: 0}
    - target: {fileID: 0}
      propertyPath: m_Color.g
      value: 1
      objectReference: {fileID: 0}
    - target: {fileID: 0}
      propertyPath: m_Color.b
      value: 1
      objectReference: {fileID: 0}
    - target: {fileID: 0}
      propertyPath: WallMask.m_Bits
      value: 2048
      objectReference: {fileID: 0}
    - target: {fileID: 0}
      propertyPath: FloorSprites.Array.data[0]
      value: 
      objectReference: {fileID: 21300000, guid: 3e000b362b3b27943a2e18979a2f342c,
        type: 3}
    - target: {fileID: 0}
      propertyPath: FloorSprites.Array.data[1]
      value: 
      objectReference: {fileID: 21300000, guid: 390e40fe64a6fb54c85c7dfe3aa08706,
        type: 3}
    - target: {fileID: 0}
      propertyPath: FloorSprites.Array.data[2]
      value: 
      objectReference: {fileID: 21300000, guid: 33af3173cbf54ca40a06afb7ea5cbf79,
        type: 3}
    - target: {fileID: 0}
      propertyPath: FloorSprites.Array.data[3]
      value: 
      objectReference: {fileID: 21300000, guid: 4d59669d5e594d449957e9fac59b85a3,
        type: 3}
    - target: {fileID: 0}
      propertyPath: FloorSprites.Array.data[4]
      value: 
      objectReference: {fileID: 21300000, guid: 3252378a71536474b9bc60f234d89fc7,
        type: 3}
    - target: {fileID: 0}
      propertyPath: FloorSprites.Array.data[5]
      value: 
      objectReference: {fileID: 21300000, guid: 4e5dd5c3979045b4da25bbe2622e1716,
        type: 3}
    - target: {fileID: 0}
      propertyPath: FloorSprites.Array.data[6]
      value: 
      objectReference: {fileID: 21300000, guid: ce0a8034b2c07354594a8dcbf31779e3,
        type: 3}
    - target: {fileID: 0}
      propertyPath: m_StaticEditorFlags
      value: 0
      objectReference: {fileID: 0}
    - target: {fileID: 0}
      propertyPath: m_Sprite
      value: 
      objectReference: {fileID: 21300000, guid: 3e000b362b3b27943a2e18979a2f342c,
        type: 3}
    - target: {fileID: 0}
      propertyPath: m_LocalScale.x
      value: 1
      objectReference: {fileID: 0}
    - target: {fileID: 0}
      propertyPath: m_LocalScale.y
      value: 1
      objectReference: {fileID: 0}
    - target: {fileID: 0}
      propertyPath: m_Layer
      value: 12
      objectReference: {fileID: 0}
    - target: {fileID: 0}
      propertyPath: m_IsTrigger
      value: 1
      objectReference: {fileID: 0}
    m_RemovedComponents: []
  m_ParentPrefab: {fileID: 0}
  m_RootGameObject: {fileID: 183532}
  m_IsPrefabParent: 1
