%YAML 1.1
%TAG !u! tag:unity3d.com,2011:
--- !u!241 &24100000
AudioMixerController:
  m_ObjectHideFlags: 0
  m_PrefabParentObject: {fileID: 0}
  m_PrefabInternal: {fileID: 0}
  m_Name: MusicBus
  m_OutputGroup: {fileID: 0}
  m_MasterGroup: {fileID: 24300001}
  m_Snapshots:
  - {fileID: 24500003}
  - {fileID: 24539792}
  m_StartSnapshot: {fileID: 24500003}
  m_SuspendThreshold: -80
  m_EnableSuspend: 1
  m_ExposedParameters: []
  m_AudioMixerGroupViews:
  - guids:
    - 25e72072e00f9cf4bac26d508ea9a18b
    - 36648831c3869db43bf6645873de479d
    name: View
  m_CurrentViewIndex: 0
  m_TargetSnapshot: {fileID: 24539792}
--- !u!243 &24300001
AudioMixerGroupController:
  m_ObjectHideFlags: 0
  m_PrefabParentObject: {fileID: 0}
  m_PrefabInternal: {fileID: 0}
  m_Name: Master
  m_AudioMixer: {fileID: 24100000}
  m_GroupID: 25e72072e00f9cf4bac26d508ea9a18b
  m_Children:
  - {fileID: 24370530}
  m_Volume: f8f57582949b3d343914a5e76febce32
  m_Pitch: 56efa15826b308c478031eefeac04a68
  m_Effects:
  - {fileID: 24400002}
  m_UserColorIndex: 0
  m_Mute: 0
  m_Solo: 0
  m_BypassEffects: 0
--- !u!243 &24370530
AudioMixerGroupController:
  m_ObjectHideFlags: 0
  m_PrefabParentObject: {fileID: 0}
  m_PrefabInternal: {fileID: 0}
  m_Name: MusicBus
  m_AudioMixer: {fileID: 24100000}
  m_GroupID: 36648831c3869db43bf6645873de479d
  m_Children: []
  m_Volume: 474e6e1c21de0734888e81a1afb0a7f4
  m_Pitch: 410d4915af0391641933a1a1aa2e15b4
  m_Effects:
  - {fileID: 24402998}
  m_UserColorIndex: 0
  m_Mute: 0
  m_Solo: 0
  m_BypassEffects: 0
--- !u!244 &24400002
AudioMixerEffectController:
  m_ObjectHideFlags: 3
  m_PrefabParentObject: {fileID: 0}
  m_PrefabInternal: {fileID: 0}
  m_Name: 
  m_EffectID: 002e5a16b4ce7c0438908ac5507f2906
  m_EffectName: Attenuation
  m_MixLevel: 8799a1a70f271a841b0d9e2b59eb2fc0
  m_Parameters: []
  m_SendTarget: {fileID: 0}
  m_EnableWetMix: 0
  m_Bypass: 0
--- !u!244 &24402998
AudioMixerEffectController:
  m_ObjectHideFlags: 3
  m_PrefabParentObject: {fileID: 0}
  m_PrefabInternal: {fileID: 0}
  m_Name: 
  m_EffectID: 18a57ad6f36593b489408616c1c66e0d
  m_EffectName: Attenuation
  m_MixLevel: 31c03ec1b9f35914f92a5601fba4da59
  m_Parameters: []
  m_SendTarget: {fileID: 0}
  m_EnableWetMix: 0
  m_Bypass: 0
--- !u!245 &24500003
AudioMixerSnapshotController:
  m_ObjectHideFlags: 0
  m_PrefabParentObject: {fileID: 0}
  m_PrefabInternal: {fileID: 0}
  m_Name: Snapshot
  m_AudioMixer: {fileID: 24100000}
  m_SnapshotID: d59c86bdcd682c04887e7292ba9518ac
  m_FloatValues:
    474e6e1c21de0734888e81a1afb0a7f4: 0
  m_TransitionOverrides: {}
--- !u!245 &24539792
AudioMixerSnapshotController:
  m_ObjectHideFlags: 0
  m_PrefabParentObject: {fileID: 0}
  m_PrefabInternal: {fileID: 0}
  m_Name: MainMixSnap
  m_AudioMixer: {fileID: 24100000}
  m_SnapshotID: 8c007c3b16d1031418e4b49d36434e76
  m_FloatValues:
    474e6e1c21de0734888e81a1afb0a7f4: 0
  m_TransitionOverrides: {}
