%YAML 1.1
%TAG !u! tag:unity3d.com,2011:
--- !u!29 &1
SceneSettings:
  m_ObjectHideFlags: 0
  m_PVSData: 
  m_PVSObjectsArray: []
  m_PVSPortalsArray: []
  m_OcclusionBakeSettings:
    smallestOccluder: 5
    smallestHole: .25
    backfaceThreshold: 100
--- !u!104 &2
RenderSettings:
  m_ObjectHideFlags: 0
  serializedVersion: 6
  m_Fog: 0
  m_FogColor: {r: .5, g: .5, b: .5, a: 1}
  m_FogMode: 3
  m_FogDensity: .00999999978
  m_LinearFogStart: 0
  m_LinearFogEnd: 300
  m_AmbientSkyColor: {r: .211999997, g: .226999998, b: .259000003, a: 1}
  m_AmbientEquatorColor: {r: .114, g: .125, b: .133000001, a: 1}
  m_AmbientGroundColor: {r: .0469999984, g: .0430000015, b: .0350000001, a: 1}
  m_AmbientIntensity: 1
  m_AmbientMode: 3
  m_SkyboxMaterial: {fileID: 0}
  m_HaloStrength: .5
  m_FlareStrength: 1
  m_FlareFadeSpeed: 3
  m_HaloTexture: {fileID: 0}
  m_SpotCookie: {fileID: 10001, guid: 0000000000000000e000000000000000, type: 0}
  m_DefaultReflectionMode: 0
  m_DefaultReflectionResolution: 128
  m_ReflectionBounces: 1
  m_ReflectionIntensity: 1
  m_CustomReflection: {fileID: 0}
  m_Sun: {fileID: 0}
--- !u!157 &4
LightmapSettings:
  m_ObjectHideFlags: 0
  serializedVersion: 5
  m_GIWorkflowMode: 1
  m_LightmapsMode: 1
  m_GISettings:
    serializedVersion: 2
    m_BounceScale: 1
    m_IndirectOutputScale: 1
    m_AlbedoBoost: 1
    m_TemporalCoherenceThreshold: 1
    m_EnvironmentLightingMode: 0
    m_EnableBakedLightmaps: 0
    m_EnableRealtimeLightmaps: 0
  m_LightmapEditorSettings:
    serializedVersion: 3
    m_Resolution: 2
    m_BakeResolution: 40
    m_TextureWidth: 1024
    m_TextureHeight: 1024
    m_AOMaxDistance: 1
    m_Padding: 2
    m_CompAOExponent: 0
    m_LightmapParameters: {fileID: 0}
    m_TextureCompression: 1
    m_FinalGather: 0
    m_FinalGatherRayCount: 1024
    m_ReflectionCompression: 2
  m_LightmapSnapshot: {fileID: 0}
  m_RuntimeCPUUsage: 25
--- !u!196 &5
NavMeshSettings:
  serializedVersion: 2
  m_ObjectHideFlags: 0
  m_BuildSettings:
    serializedVersion: 2
    agentRadius: .5
    agentHeight: 2
    agentSlope: 45
    agentClimb: .400000006
    ledgeDropHeight: 0
    maxJumpAcrossDistance: 0
    accuratePlacement: 0
    minRegionArea: 2
    cellSize: .166666672
    manualCellSize: 0
  m_NavMeshData: {fileID: 0}
--- !u!1001 &80213306
Prefab:
  m_ObjectHideFlags: 0
  serializedVersion: 2
  m_Modification:
    m_TransformParent: {fileID: 1147301365}
    m_Modifications:
    - target: {fileID: 422834, guid: e0280309221e34526ac00b21006e039d, type: 2}
      propertyPath: m_LocalPosition.x
      value: -.790000021
      objectReference: {fileID: 0}
    - target: {fileID: 422834, guid: e0280309221e34526ac00b21006e039d, type: 2}
      propertyPath: m_LocalPosition.y
      value: -.25999999
      objectReference: {fileID: 0}
    - target: {fileID: 422834, guid: e0280309221e34526ac00b21006e039d, type: 2}
      propertyPath: m_LocalPosition.z
      value: 0
      objectReference: {fileID: 0}
    - target: {fileID: 422834, guid: e0280309221e34526ac00b21006e039d, type: 2}
      propertyPath: m_LocalRotation.x
      value: 0
      objectReference: {fileID: 0}
    - target: {fileID: 422834, guid: e0280309221e34526ac00b21006e039d, type: 2}
      propertyPath: m_LocalRotation.y
      value: 0
      objectReference: {fileID: 0}
    - target: {fileID: 422834, guid: e0280309221e34526ac00b21006e039d, type: 2}
      propertyPath: m_LocalRotation.z
      value: 0
      objectReference: {fileID: 0}
    - target: {fileID: 422834, guid: e0280309221e34526ac00b21006e039d, type: 2}
      propertyPath: m_LocalRotation.w
      value: 1
      objectReference: {fileID: 0}
    - target: {fileID: 422834, guid: e0280309221e34526ac00b21006e039d, type: 2}
      propertyPath: m_RootOrder
      value: 6
      objectReference: {fileID: 0}
    - target: {fileID: 131454, guid: e0280309221e34526ac00b21006e039d, type: 2}
      propertyPath: m_Name
      value: Alien (6)
      objectReference: {fileID: 0}
    - target: {fileID: 131454, guid: e0280309221e34526ac00b21006e039d, type: 2}
      propertyPath: m_IsActive
      value: 1
      objectReference: {fileID: 0}
    m_RemovedComponents: []
  m_ParentPrefab: {fileID: 100100000, guid: e0280309221e34526ac00b21006e039d, type: 2}
  m_IsPrefabParent: 0
--- !u!4 &80213307 stripped
Transform:
  m_PrefabParentObject: {fileID: 422834, guid: e0280309221e34526ac00b21006e039d, type: 2}
  m_PrefabInternal: {fileID: 80213306}
--- !u!1001 &98314896
Prefab:
  m_ObjectHideFlags: 0
  serializedVersion: 2
  m_Modification:
    m_TransformParent: {fileID: 1147301365}
    m_Modifications:
    - target: {fileID: 422834, guid: e0280309221e34526ac00b21006e039d, type: 2}
      propertyPath: m_LocalPosition.x
      value: .25999999
      objectReference: {fileID: 0}
    - target: {fileID: 422834, guid: e0280309221e34526ac00b21006e039d, type: 2}
      propertyPath: m_LocalPosition.y
      value: 115
      objectReference: {fileID: 0}
    - target: {fileID: 422834, guid: e0280309221e34526ac00b21006e039d, type: 2}
      propertyPath: m_LocalPosition.z
      value: 0
      objectReference: {fileID: 0}
    - target: {fileID: 422834, guid: e0280309221e34526ac00b21006e039d, type: 2}
      propertyPath: m_LocalRotation.x
      value: 0
      objectReference: {fileID: 0}
    - target: {fileID: 422834, guid: e0280309221e34526ac00b21006e039d, type: 2}
      propertyPath: m_LocalRotation.y
      value: 0
      objectReference: {fileID: 0}
    - target: {fileID: 422834, guid: e0280309221e34526ac00b21006e039d, type: 2}
      propertyPath: m_LocalRotation.z
      value: 0
      objectReference: {fileID: 0}
    - target: {fileID: 422834, guid: e0280309221e34526ac00b21006e039d, type: 2}
      propertyPath: m_LocalRotation.w
      value: 1
      objectReference: {fileID: 0}
    - target: {fileID: 422834, guid: e0280309221e34526ac00b21006e039d, type: 2}
      propertyPath: m_RootOrder
      value: 0
      objectReference: {fileID: 0}
    m_RemovedComponents: []
  m_ParentPrefab: {fileID: 100100000, guid: e0280309221e34526ac00b21006e039d, type: 2}
  m_IsPrefabParent: 0
--- !u!4 &98314897 stripped
Transform:
  m_PrefabParentObject: {fileID: 422834, guid: e0280309221e34526ac00b21006e039d, type: 2}
  m_PrefabInternal: {fileID: 98314896}
--- !u!1 &143088828
GameObject:
  m_ObjectHideFlags: 0
  m_PrefabParentObject: {fileID: 0}
  m_PrefabInternal: {fileID: 0}
  serializedVersion: 4
  m_Component:
  - 4: {fileID: 143088829}
  m_Layer: 0
  m_Name: Floors
  m_TagString: Untagged
  m_Icon: {fileID: 0}
  m_NavMeshLayer: 0
  m_StaticEditorFlags: 0
  m_IsActive: 1
--- !u!4 &143088829
Transform:
  m_ObjectHideFlags: 0
  m_PrefabParentObject: {fileID: 0}
  m_PrefabInternal: {fileID: 0}
  m_GameObject: {fileID: 143088828}
  m_LocalRotation: {x: 0, y: 0, z: 0, w: 1}
  m_LocalPosition: {x: -70.0501862, y: 134.183899, z: 0}
  m_LocalScale: {x: 1, y: 1, z: 1}
  m_Children: []
  m_Father: {fileID: 863832596}
  m_RootOrder: 1
--- !u!4 &234574215 stripped
Transform:
  m_PrefabParentObject: {fileID: 422834, guid: e0280309221e34526ac00b21006e039d, type: 2}
  m_PrefabInternal: {fileID: 564772993}
--- !u!1001 &289769214
Prefab:
  m_ObjectHideFlags: 0
  serializedVersion: 2
  m_Modification:
    m_TransformParent: {fileID: 1147301365}
    m_Modifications:
    - target: {fileID: 422834, guid: e0280309221e34526ac00b21006e039d, type: 2}
      propertyPath: m_LocalPosition.x
      value: .25999999
      objectReference: {fileID: 0}
    - target: {fileID: 422834, guid: e0280309221e34526ac00b21006e039d, type: 2}
      propertyPath: m_LocalPosition.y
      value: -.579999983
      objectReference: {fileID: 0}
    - target: {fileID: 422834, guid: e0280309221e34526ac00b21006e039d, type: 2}
      propertyPath: m_LocalPosition.z
      value: 0
      objectReference: {fileID: 0}
    - target: {fileID: 422834, guid: e0280309221e34526ac00b21006e039d, type: 2}
      propertyPath: m_LocalRotation.x
      value: 0
      objectReference: {fileID: 0}
    - target: {fileID: 422834, guid: e0280309221e34526ac00b21006e039d, type: 2}
      propertyPath: m_LocalRotation.y
      value: 0
      objectReference: {fileID: 0}
    - target: {fileID: 422834, guid: e0280309221e34526ac00b21006e039d, type: 2}
      propertyPath: m_LocalRotation.z
      value: 0
      objectReference: {fileID: 0}
    - target: {fileID: 422834, guid: e0280309221e34526ac00b21006e039d, type: 2}
      propertyPath: m_LocalRotation.w
      value: 1
      objectReference: {fileID: 0}
    - target: {fileID: 422834, guid: e0280309221e34526ac00b21006e039d, type: 2}
      propertyPath: m_RootOrder
      value: 21
      objectReference: {fileID: 0}
    - target: {fileID: 131454, guid: e0280309221e34526ac00b21006e039d, type: 2}
      propertyPath: m_Name
      value: Alien (20)
      objectReference: {fileID: 0}
    - target: {fileID: 11421542, guid: e0280309221e34526ac00b21006e039d, type: 2}
      propertyPath: SeekPosition.x
      value: .25999999
      objectReference: {fileID: 0}
    - target: {fileID: 11421542, guid: e0280309221e34526ac00b21006e039d, type: 2}
      propertyPath: SeekPosition.y
      value: -.579999983
      objectReference: {fileID: 0}
    m_RemovedComponents: []
  m_ParentPrefab: {fileID: 100100000, guid: e0280309221e34526ac00b21006e039d, type: 2}
  m_IsPrefabParent: 0
--- !u!1001 &333908333
Prefab:
  m_ObjectHideFlags: 0
  serializedVersion: 2
  m_Modification:
    m_TransformParent: {fileID: 0}
    m_Modifications:
    - target: {fileID: 486600, guid: d148110e924997844b3b3508368427e7, type: 2}
      propertyPath: m_LocalPosition.x
      value: 0
      objectReference: {fileID: 0}
    - target: {fileID: 486600, guid: d148110e924997844b3b3508368427e7, type: 2}
      propertyPath: m_LocalPosition.y
      value: 0
      objectReference: {fileID: 0}
    - target: {fileID: 486600, guid: d148110e924997844b3b3508368427e7, type: 2}
      propertyPath: m_LocalPosition.z
      value: 0
      objectReference: {fileID: 0}
    - target: {fileID: 486600, guid: d148110e924997844b3b3508368427e7, type: 2}
      propertyPath: m_LocalRotation.x
      value: 0
      objectReference: {fileID: 0}
    - target: {fileID: 486600, guid: d148110e924997844b3b3508368427e7, type: 2}
      propertyPath: m_LocalRotation.y
      value: 0
      objectReference: {fileID: 0}
    - target: {fileID: 486600, guid: d148110e924997844b3b3508368427e7, type: 2}
      propertyPath: m_LocalRotation.z
      value: 0
      objectReference: {fileID: 0}
    - target: {fileID: 486600, guid: d148110e924997844b3b3508368427e7, type: 2}
      propertyPath: m_LocalRotation.w
      value: 1
      objectReference: {fileID: 0}
    - target: {fileID: 486600, guid: d148110e924997844b3b3508368427e7, type: 2}
      propertyPath: m_RootOrder
      value: 1
      objectReference: {fileID: 0}
    m_RemovedComponents: []
  m_ParentPrefab: {fileID: 100100000, guid: d148110e924997844b3b3508368427e7, type: 2}
  m_IsPrefabParent: 0
--- !u!1001 &350365061
Prefab:
  m_ObjectHideFlags: 0
  serializedVersion: 2
  m_Modification:
    m_TransformParent: {fileID: 1147301365}
    m_Modifications:
    - target: {fileID: 422834, guid: e0280309221e34526ac00b21006e039d, type: 2}
      propertyPath: m_LocalPosition.x
      value: .25999999
      objectReference: {fileID: 0}
    - target: {fileID: 422834, guid: e0280309221e34526ac00b21006e039d, type: 2}
      propertyPath: m_LocalPosition.y
      value: -.579999983
      objectReference: {fileID: 0}
    - target: {fileID: 422834, guid: e0280309221e34526ac00b21006e039d, type: 2}
      propertyPath: m_LocalPosition.z
      value: 0
      objectReference: {fileID: 0}
    - target: {fileID: 422834, guid: e0280309221e34526ac00b21006e039d, type: 2}
      propertyPath: m_LocalRotation.x
      value: 0
      objectReference: {fileID: 0}
    - target: {fileID: 422834, guid: e0280309221e34526ac00b21006e039d, type: 2}
      propertyPath: m_LocalRotation.y
      value: 0
      objectReference: {fileID: 0}
    - target: {fileID: 422834, guid: e0280309221e34526ac00b21006e039d, type: 2}
      propertyPath: m_LocalRotation.z
      value: 0
      objectReference: {fileID: 0}
    - target: {fileID: 422834, guid: e0280309221e34526ac00b21006e039d, type: 2}
      propertyPath: m_LocalRotation.w
      value: 1
      objectReference: {fileID: 0}
    - target: {fileID: 422834, guid: e0280309221e34526ac00b21006e039d, type: 2}
      propertyPath: m_RootOrder
      value: 13
      objectReference: {fileID: 0}
    - target: {fileID: 131454, guid: e0280309221e34526ac00b21006e039d, type: 2}
      propertyPath: m_Name
      value: Alien (13)
      objectReference: {fileID: 0}
    - target: {fileID: 11421542, guid: e0280309221e34526ac00b21006e039d, type: 2}
      propertyPath: SeekPosition.x
      value: .25999999
      objectReference: {fileID: 0}
    - target: {fileID: 11421542, guid: e0280309221e34526ac00b21006e039d, type: 2}
      propertyPath: SeekPosition.y
      value: -.579999983
      objectReference: {fileID: 0}
    m_RemovedComponents: []
  m_ParentPrefab: {fileID: 100100000, guid: e0280309221e34526ac00b21006e039d, type: 2}
  m_IsPrefabParent: 0
--- !u!4 &428195660 stripped
Transform:
  m_PrefabParentObject: {fileID: 422834, guid: e0280309221e34526ac00b21006e039d, type: 2}
  m_PrefabInternal: {fileID: 599057171}
--- !u!1 &475284122
GameObject:
  m_ObjectHideFlags: 0
  m_PrefabParentObject: {fileID: 0}
  m_PrefabInternal: {fileID: 0}
  serializedVersion: 4
  m_Component:
  - 4: {fileID: 475284123}
  m_Layer: 0
  m_Name: Walls
  m_TagString: Untagged
  m_Icon: {fileID: 0}
  m_NavMeshLayer: 0
  m_StaticEditorFlags: 0
  m_IsActive: 1
--- !u!4 &475284123
Transform:
  m_ObjectHideFlags: 0
  m_PrefabParentObject: {fileID: 0}
  m_PrefabInternal: {fileID: 0}
  m_GameObject: {fileID: 475284122}
  m_LocalRotation: {x: 0, y: 0, z: 0, w: 1}
  m_LocalPosition: {x: -70.0501862, y: 134.183899, z: 0}
  m_LocalScale: {x: 1, y: 1, z: 1}
  m_Children: []
  m_Father: {fileID: 863832596}
  m_RootOrder: 0
--- !u!1 &504622865
GameObject:
  m_ObjectHideFlags: 0
  m_PrefabParentObject: {fileID: 0}
  m_PrefabInternal: {fileID: 0}
  serializedVersion: 4
  m_Component:
  - 4: {fileID: 504622866}
  m_Layer: 0
  m_Name: Managers
  m_TagString: Untagged
  m_Icon: {fileID: 0}
  m_NavMeshLayer: 0
  m_StaticEditorFlags: 0
  m_IsActive: 1
--- !u!4 &504622866
Transform:
  m_ObjectHideFlags: 0
  m_PrefabParentObject: {fileID: 0}
  m_PrefabInternal: {fileID: 0}
  m_GameObject: {fileID: 504622865}
  m_LocalRotation: {x: 0, y: 0, z: 0, w: 1}
  m_LocalPosition: {x: 0, y: 0, z: 0}
  m_LocalScale: {x: 1, y: 1, z: 1}
  m_Children:
  - {fileID: 1565105656}
  m_Father: {fileID: 0}
  m_RootOrder: 4
--- !u!1001 &564772993
Prefab:
  m_ObjectHideFlags: 0
  serializedVersion: 2
  m_Modification:
    m_TransformParent: {fileID: 1147301365}
    m_Modifications:
    - target: {fileID: 422834, guid: e0280309221e34526ac00b21006e039d, type: 2}
      propertyPath: m_LocalPosition.x
      value: .25999999
      objectReference: {fileID: 0}
    - target: {fileID: 422834, guid: e0280309221e34526ac00b21006e039d, type: 2}
      propertyPath: m_LocalPosition.y
      value: -.579999983
      objectReference: {fileID: 0}
    - target: {fileID: 422834, guid: e0280309221e34526ac00b21006e039d, type: 2}
      propertyPath: m_LocalPosition.z
      value: 0
      objectReference: {fileID: 0}
    - target: {fileID: 422834, guid: e0280309221e34526ac00b21006e039d, type: 2}
      propertyPath: m_LocalRotation.x
      value: 0
      objectReference: {fileID: 0}
    - target: {fileID: 422834, guid: e0280309221e34526ac00b21006e039d, type: 2}
      propertyPath: m_LocalRotation.y
      value: 0
      objectReference: {fileID: 0}
    - target: {fileID: 422834, guid: e0280309221e34526ac00b21006e039d, type: 2}
      propertyPath: m_LocalRotation.z
      value: 0
      objectReference: {fileID: 0}
    - target: {fileID: 422834, guid: e0280309221e34526ac00b21006e039d, type: 2}
      propertyPath: m_LocalRotation.w
      value: 1
      objectReference: {fileID: 0}
    - target: {fileID: 422834, guid: e0280309221e34526ac00b21006e039d, type: 2}
      propertyPath: m_RootOrder
      value: 18
      objectReference: {fileID: 0}
    - target: {fileID: 131454, guid: e0280309221e34526ac00b21006e039d, type: 2}
      propertyPath: m_Name
      value: Alien (19)
      objectReference: {fileID: 0}
    - target: {fileID: 11421542, guid: e0280309221e34526ac00b21006e039d, type: 2}
      propertyPath: SeekPosition.x
      value: .25999999
      objectReference: {fileID: 0}
    - target: {fileID: 11421542, guid: e0280309221e34526ac00b21006e039d, type: 2}
      propertyPath: SeekPosition.y
      value: -.579999983
      objectReference: {fileID: 0}
    m_RemovedComponents: []
  m_ParentPrefab: {fileID: 100100000, guid: e0280309221e34526ac00b21006e039d, type: 2}
  m_IsPrefabParent: 0
--- !u!1001 &599057171
Prefab:
  m_ObjectHideFlags: 0
  serializedVersion: 2
  m_Modification:
    m_TransformParent: {fileID: 1147301365}
    m_Modifications:
    - target: {fileID: 422834, guid: e0280309221e34526ac00b21006e039d, type: 2}
      propertyPath: m_LocalPosition.x
      value: .25999999
      objectReference: {fileID: 0}
    - target: {fileID: 422834, guid: e0280309221e34526ac00b21006e039d, type: 2}
      propertyPath: m_LocalPosition.y
      value: -.579999983
      objectReference: {fileID: 0}
    - target: {fileID: 422834, guid: e0280309221e34526ac00b21006e039d, type: 2}
      propertyPath: m_LocalPosition.z
      value: 0
      objectReference: {fileID: 0}
    - target: {fileID: 422834, guid: e0280309221e34526ac00b21006e039d, type: 2}
      propertyPath: m_LocalRotation.x
      value: 0
      objectReference: {fileID: 0}
    - target: {fileID: 422834, guid: e0280309221e34526ac00b21006e039d, type: 2}
      propertyPath: m_LocalRotation.y
      value: 0
      objectReference: {fileID: 0}
    - target: {fileID: 422834, guid: e0280309221e34526ac00b21006e039d, type: 2}
      propertyPath: m_LocalRotation.z
      value: 0
      objectReference: {fileID: 0}
    - target: {fileID: 422834, guid: e0280309221e34526ac00b21006e039d, type: 2}
      propertyPath: m_LocalRotation.w
      value: 1
      objectReference: {fileID: 0}
    - target: {fileID: 422834, guid: e0280309221e34526ac00b21006e039d, type: 2}
      propertyPath: m_RootOrder
      value: 16
      objectReference: {fileID: 0}
    - target: {fileID: 131454, guid: e0280309221e34526ac00b21006e039d, type: 2}
      propertyPath: m_Name
      value: Alien (15)
      objectReference: {fileID: 0}
    - target: {fileID: 11421542, guid: e0280309221e34526ac00b21006e039d, type: 2}
      propertyPath: SeekPosition.x
      value: .25999999
      objectReference: {fileID: 0}
    - target: {fileID: 11421542, guid: e0280309221e34526ac00b21006e039d, type: 2}
      propertyPath: SeekPosition.y
      value: -.579999983
      objectReference: {fileID: 0}
    m_RemovedComponents: []
  m_ParentPrefab: {fileID: 100100000, guid: e0280309221e34526ac00b21006e039d, type: 2}
  m_IsPrefabParent: 0
--- !u!4 &607312348 stripped
Transform:
  m_PrefabParentObject: {fileID: 422834, guid: e0280309221e34526ac00b21006e039d, type: 2}
  m_PrefabInternal: {fileID: 776559914}
--- !u!1001 &649393604
Prefab:
  m_ObjectHideFlags: 0
  serializedVersion: 2
  m_Modification:
    m_TransformParent: {fileID: 1147301365}
    m_Modifications:
    - target: {fileID: 422834, guid: e0280309221e34526ac00b21006e039d, type: 2}
      propertyPath: m_LocalPosition.x
      value: -.330000013
      objectReference: {fileID: 0}
    - target: {fileID: 422834, guid: e0280309221e34526ac00b21006e039d, type: 2}
      propertyPath: m_LocalPosition.y
      value: -.639999986
      objectReference: {fileID: 0}
    - target: {fileID: 422834, guid: e0280309221e34526ac00b21006e039d, type: 2}
      propertyPath: m_LocalPosition.z
      value: 0
      objectReference: {fileID: 0}
    - target: {fileID: 422834, guid: e0280309221e34526ac00b21006e039d, type: 2}
      propertyPath: m_LocalRotation.x
      value: 0
      objectReference: {fileID: 0}
    - target: {fileID: 422834, guid: e0280309221e34526ac00b21006e039d, type: 2}
      propertyPath: m_LocalRotation.y
      value: 0
      objectReference: {fileID: 0}
    - target: {fileID: 422834, guid: e0280309221e34526ac00b21006e039d, type: 2}
      propertyPath: m_LocalRotation.z
      value: 0
      objectReference: {fileID: 0}
    - target: {fileID: 422834, guid: e0280309221e34526ac00b21006e039d, type: 2}
      propertyPath: m_LocalRotation.w
      value: 1
      objectReference: {fileID: 0}
    - target: {fileID: 422834, guid: e0280309221e34526ac00b21006e039d, type: 2}
      propertyPath: m_RootOrder
      value: 2
      objectReference: {fileID: 0}
    - target: {fileID: 131454, guid: e0280309221e34526ac00b21006e039d, type: 2}
      propertyPath: m_Name
      value: Alien (3)
      objectReference: {fileID: 0}
    - target: {fileID: 131454, guid: e0280309221e34526ac00b21006e039d, type: 2}
      propertyPath: m_IsActive
      value: 1
      objectReference: {fileID: 0}
    m_RemovedComponents: []
  m_ParentPrefab: {fileID: 100100000, guid: e0280309221e34526ac00b21006e039d, type: 2}
  m_IsPrefabParent: 0
--- !u!4 &649393605 stripped
Transform:
  m_PrefabParentObject: {fileID: 422834, guid: e0280309221e34526ac00b21006e039d, type: 2}
  m_PrefabInternal: {fileID: 649393604}
--- !u!1001 &701361946
Prefab:
  m_ObjectHideFlags: 0
  serializedVersion: 2
  m_Modification:
    m_TransformParent: {fileID: 1147301365}
    m_Modifications:
    - target: {fileID: 422834, guid: e0280309221e34526ac00b21006e039d, type: 2}
      propertyPath: m_LocalPosition.x
      value: .25999999
      objectReference: {fileID: 0}
    - target: {fileID: 422834, guid: e0280309221e34526ac00b21006e039d, type: 2}
      propertyPath: m_LocalPosition.y
      value: -.579999983
      objectReference: {fileID: 0}
    - target: {fileID: 422834, guid: e0280309221e34526ac00b21006e039d, type: 2}
      propertyPath: m_LocalPosition.z
      value: 0
      objectReference: {fileID: 0}
    - target: {fileID: 422834, guid: e0280309221e34526ac00b21006e039d, type: 2}
      propertyPath: m_LocalRotation.x
      value: 0
      objectReference: {fileID: 0}
    - target: {fileID: 422834, guid: e0280309221e34526ac00b21006e039d, type: 2}
      propertyPath: m_LocalRotation.y
      value: 0
      objectReference: {fileID: 0}
    - target: {fileID: 422834, guid: e0280309221e34526ac00b21006e039d, type: 2}
      propertyPath: m_LocalRotation.z
      value: 0
      objectReference: {fileID: 0}
    - target: {fileID: 422834, guid: e0280309221e34526ac00b21006e039d, type: 2}
      propertyPath: m_LocalRotation.w
      value: 1
      objectReference: {fileID: 0}
    - target: {fileID: 422834, guid: e0280309221e34526ac00b21006e039d, type: 2}
      propertyPath: m_RootOrder
      value: 14
      objectReference: {fileID: 0}
    - target: {fileID: 131454, guid: e0280309221e34526ac00b21006e039d, type: 2}
      propertyPath: m_Name
      value: Alien (14)
      objectReference: {fileID: 0}
    - target: {fileID: 11421542, guid: e0280309221e34526ac00b21006e039d, type: 2}
      propertyPath: SeekPosition.x
      value: .25999999
      objectReference: {fileID: 0}
    - target: {fileID: 11421542, guid: e0280309221e34526ac00b21006e039d, type: 2}
      propertyPath: SeekPosition.y
      value: -.579999983
      objectReference: {fileID: 0}
    m_RemovedComponents: []
  m_ParentPrefab: {fileID: 100100000, guid: e0280309221e34526ac00b21006e039d, type: 2}
  m_IsPrefabParent: 0
--- !u!1001 &704831779
Prefab:
  m_ObjectHideFlags: 0
  serializedVersion: 2
  m_Modification:
    m_TransformParent: {fileID: 1147301365}
    m_Modifications:
    - target: {fileID: 422834, guid: e0280309221e34526ac00b21006e039d, type: 2}
      propertyPath: m_LocalPosition.x
      value: -.300000012
      objectReference: {fileID: 0}
    - target: {fileID: 422834, guid: e0280309221e34526ac00b21006e039d, type: 2}
      propertyPath: m_LocalPosition.y
      value: -.00999999978
      objectReference: {fileID: 0}
    - target: {fileID: 422834, guid: e0280309221e34526ac00b21006e039d, type: 2}
      propertyPath: m_LocalPosition.z
      value: 0
      objectReference: {fileID: 0}
    - target: {fileID: 422834, guid: e0280309221e34526ac00b21006e039d, type: 2}
      propertyPath: m_LocalRotation.x
      value: 0
      objectReference: {fileID: 0}
    - target: {fileID: 422834, guid: e0280309221e34526ac00b21006e039d, type: 2}
      propertyPath: m_LocalRotation.y
      value: 0
      objectReference: {fileID: 0}
    - target: {fileID: 422834, guid: e0280309221e34526ac00b21006e039d, type: 2}
      propertyPath: m_LocalRotation.z
      value: 0
      objectReference: {fileID: 0}
    - target: {fileID: 422834, guid: e0280309221e34526ac00b21006e039d, type: 2}
      propertyPath: m_LocalRotation.w
      value: 1
      objectReference: {fileID: 0}
    - target: {fileID: 422834, guid: e0280309221e34526ac00b21006e039d, type: 2}
      propertyPath: m_RootOrder
      value: 4
      objectReference: {fileID: 0}
    - target: {fileID: 131454, guid: e0280309221e34526ac00b21006e039d, type: 2}
      propertyPath: m_Name
      value: Alien (4)
      objectReference: {fileID: 0}
    - target: {fileID: 131454, guid: e0280309221e34526ac00b21006e039d, type: 2}
      propertyPath: m_IsActive
      value: 1
      objectReference: {fileID: 0}
    m_RemovedComponents: []
  m_ParentPrefab: {fileID: 100100000, guid: e0280309221e34526ac00b21006e039d, type: 2}
  m_IsPrefabParent: 0
--- !u!4 &704831780 stripped
Transform:
  m_PrefabParentObject: {fileID: 422834, guid: e0280309221e34526ac00b21006e039d, type: 2}
  m_PrefabInternal: {fileID: 704831779}
--- !u!1001 &721591147
Prefab:
  m_ObjectHideFlags: 0
  serializedVersion: 2
  m_Modification:
    m_TransformParent: {fileID: 1147301365}
    m_Modifications:
    - target: {fileID: 422834, guid: e0280309221e34526ac00b21006e039d, type: 2}
      propertyPath: m_LocalPosition.x
      value: .25999999
      objectReference: {fileID: 0}
    - target: {fileID: 422834, guid: e0280309221e34526ac00b21006e039d, type: 2}
      propertyPath: m_LocalPosition.y
      value: -.579999983
      objectReference: {fileID: 0}
    - target: {fileID: 422834, guid: e0280309221e34526ac00b21006e039d, type: 2}
      propertyPath: m_LocalPosition.z
      value: 0
      objectReference: {fileID: 0}
    - target: {fileID: 422834, guid: e0280309221e34526ac00b21006e039d, type: 2}
      propertyPath: m_LocalRotation.x
      value: 0
      objectReference: {fileID: 0}
    - target: {fileID: 422834, guid: e0280309221e34526ac00b21006e039d, type: 2}
      propertyPath: m_LocalRotation.y
      value: 0
      objectReference: {fileID: 0}
    - target: {fileID: 422834, guid: e0280309221e34526ac00b21006e039d, type: 2}
      propertyPath: m_LocalRotation.z
      value: 0
      objectReference: {fileID: 0}
    - target: {fileID: 422834, guid: e0280309221e34526ac00b21006e039d, type: 2}
      propertyPath: m_LocalRotation.w
      value: 1
      objectReference: {fileID: 0}
    - target: {fileID: 422834, guid: e0280309221e34526ac00b21006e039d, type: 2}
      propertyPath: m_RootOrder
      value: 8
      objectReference: {fileID: 0}
    - target: {fileID: 131454, guid: e0280309221e34526ac00b21006e039d, type: 2}
      propertyPath: m_Name
      value: Alien (9)
      objectReference: {fileID: 0}
    - target: {fileID: 11421542, guid: e0280309221e34526ac00b21006e039d, type: 2}
      propertyPath: SeekPosition.x
      value: .25999999
      objectReference: {fileID: 0}
    - target: {fileID: 11421542, guid: e0280309221e34526ac00b21006e039d, type: 2}
      propertyPath: SeekPosition.y
      value: -.579999983
      objectReference: {fileID: 0}
    m_RemovedComponents: []
  m_ParentPrefab: {fileID: 100100000, guid: e0280309221e34526ac00b21006e039d, type: 2}
  m_IsPrefabParent: 0
--- !u!4 &721673884 stripped
Transform:
  m_PrefabParentObject: {fileID: 422834, guid: e0280309221e34526ac00b21006e039d, type: 2}
  m_PrefabInternal: {fileID: 1949293444}
--- !u!4 &742869855 stripped
Transform:
  m_PrefabParentObject: {fileID: 422834, guid: e0280309221e34526ac00b21006e039d, type: 2}
  m_PrefabInternal: {fileID: 1466637289}
--- !u!1001 &776559914
Prefab:
  m_ObjectHideFlags: 0
  serializedVersion: 2
  m_Modification:
    m_TransformParent: {fileID: 1147301365}
    m_Modifications:
    - target: {fileID: 422834, guid: e0280309221e34526ac00b21006e039d, type: 2}
      propertyPath: m_LocalPosition.x
      value: .25999999
      objectReference: {fileID: 0}
    - target: {fileID: 422834, guid: e0280309221e34526ac00b21006e039d, type: 2}
      propertyPath: m_LocalPosition.y
      value: -.579999983
      objectReference: {fileID: 0}
    - target: {fileID: 422834, guid: e0280309221e34526ac00b21006e039d, type: 2}
      propertyPath: m_LocalPosition.z
      value: 0
      objectReference: {fileID: 0}
    - target: {fileID: 422834, guid: e0280309221e34526ac00b21006e039d, type: 2}
      propertyPath: m_LocalRotation.x
      value: 0
      objectReference: {fileID: 0}
    - target: {fileID: 422834, guid: e0280309221e34526ac00b21006e039d, type: 2}
      propertyPath: m_LocalRotation.y
      value: 0
      objectReference: {fileID: 0}
    - target: {fileID: 422834, guid: e0280309221e34526ac00b21006e039d, type: 2}
      propertyPath: m_LocalRotation.z
      value: 0
      objectReference: {fileID: 0}
    - target: {fileID: 422834, guid: e0280309221e34526ac00b21006e039d, type: 2}
      propertyPath: m_LocalRotation.w
      value: 1
      objectReference: {fileID: 0}
    - target: {fileID: 422834, guid: e0280309221e34526ac00b21006e039d, type: 2}
      propertyPath: m_RootOrder
      value: 11
      objectReference: {fileID: 0}
    - target: {fileID: 131454, guid: e0280309221e34526ac00b21006e039d, type: 2}
      propertyPath: m_Name
      value: Alien (10)
      objectReference: {fileID: 0}
    - target: {fileID: 11421542, guid: e0280309221e34526ac00b21006e039d, type: 2}
      propertyPath: SeekPosition.x
      value: .25999999
      objectReference: {fileID: 0}
    - target: {fileID: 11421542, guid: e0280309221e34526ac00b21006e039d, type: 2}
      propertyPath: SeekPosition.y
      value: -.579999983
      objectReference: {fileID: 0}
    m_RemovedComponents: []
  m_ParentPrefab: {fileID: 100100000, guid: e0280309221e34526ac00b21006e039d, type: 2}
  m_IsPrefabParent: 0
--- !u!4 &784127589 stripped
Transform:
  m_PrefabParentObject: {fileID: 422834, guid: e0280309221e34526ac00b21006e039d, type: 2}
  m_PrefabInternal: {fileID: 721591147}
--- !u!4 &849169042 stripped
Transform:
  m_PrefabParentObject: {fileID: 422834, guid: e0280309221e34526ac00b21006e039d, type: 2}
  m_PrefabInternal: {fileID: 1748683272}
--- !u!1 &863832595
GameObject:
  m_ObjectHideFlags: 0
  m_PrefabParentObject: {fileID: 0}
  m_PrefabInternal: {fileID: 0}
  serializedVersion: 4
  m_Component:
  - 4: {fileID: 863832596}
  m_Layer: 0
  m_Name: Terrain
  m_TagString: Untagged
  m_Icon: {fileID: 0}
  m_NavMeshLayer: 0
  m_StaticEditorFlags: 0
  m_IsActive: 1
--- !u!4 &863832596
Transform:
  m_ObjectHideFlags: 0
  m_PrefabParentObject: {fileID: 0}
  m_PrefabInternal: {fileID: 0}
  m_GameObject: {fileID: 863832595}
  m_LocalRotation: {x: 0, y: 0, z: 0, w: 1}
  m_LocalPosition: {x: -135.063263, y: -152.705734, z: 0}
  m_LocalScale: {x: 1, y: 1, z: 1}
  m_Children:
  - {fileID: 475284123}
  - {fileID: 143088829}
  m_Father: {fileID: 0}
  m_RootOrder: 6
--- !u!1001 &921239421
Prefab:
  m_ObjectHideFlags: 0
  serializedVersion: 2
  m_Modification:
    m_TransformParent: {fileID: 1147301365}
    m_Modifications:
    - target: {fileID: 422834, guid: e0280309221e34526ac00b21006e039d, type: 2}
      propertyPath: m_LocalPosition.x
      value: .670000017
      objectReference: {fileID: 0}
    - target: {fileID: 422834, guid: e0280309221e34526ac00b21006e039d, type: 2}
      propertyPath: m_LocalPosition.y
      value: -.289999992
      objectReference: {fileID: 0}
    - target: {fileID: 422834, guid: e0280309221e34526ac00b21006e039d, type: 2}
      propertyPath: m_LocalPosition.z
      value: 0
      objectReference: {fileID: 0}
    - target: {fileID: 422834, guid: e0280309221e34526ac00b21006e039d, type: 2}
      propertyPath: m_LocalRotation.x
      value: 0
      objectReference: {fileID: 0}
    - target: {fileID: 422834, guid: e0280309221e34526ac00b21006e039d, type: 2}
      propertyPath: m_LocalRotation.y
      value: 0
      objectReference: {fileID: 0}
    - target: {fileID: 422834, guid: e0280309221e34526ac00b21006e039d, type: 2}
      propertyPath: m_LocalRotation.z
      value: 0
      objectReference: {fileID: 0}
    - target: {fileID: 422834, guid: e0280309221e34526ac00b21006e039d, type: 2}
      propertyPath: m_LocalRotation.w
      value: 1
      objectReference: {fileID: 0}
    - target: {fileID: 422834, guid: e0280309221e34526ac00b21006e039d, type: 2}
      propertyPath: m_RootOrder
      value: 3
      objectReference: {fileID: 0}
    - target: {fileID: 131454, guid: e0280309221e34526ac00b21006e039d, type: 2}
      propertyPath: m_Name
      value: Alien (2)
      objectReference: {fileID: 0}
    - target: {fileID: 131454, guid: e0280309221e34526ac00b21006e039d, type: 2}
      propertyPath: m_IsActive
      value: 1
      objectReference: {fileID: 0}
    - target: {fileID: 11434208, guid: e0280309221e34526ac00b21006e039d, type: 2}
      propertyPath: FlashMaterial
      value: 
      objectReference: {fileID: 2100000, guid: 22b108ce7c1b40c4e92c827c58657896, type: 2}
    m_RemovedComponents: []
  m_ParentPrefab: {fileID: 100100000, guid: e0280309221e34526ac00b21006e039d, type: 2}
  m_IsPrefabParent: 0
--- !u!4 &921239422 stripped
Transform:
  m_PrefabParentObject: {fileID: 422834, guid: e0280309221e34526ac00b21006e039d, type: 2}
  m_PrefabInternal: {fileID: 921239421}
--- !u!1001 &948796728
Prefab:
  m_ObjectHideFlags: 0
  serializedVersion: 2
  m_Modification:
    m_TransformParent: {fileID: 0}
    m_Modifications:
    - target: {fileID: 458332, guid: f4f4512ebab284c8591b25fbdba12ea7, type: 2}
      propertyPath: m_LocalPosition.x
      value: -241
      objectReference: {fileID: 0}
    - target: {fileID: 458332, guid: f4f4512ebab284c8591b25fbdba12ea7, type: 2}
      propertyPath: m_LocalPosition.y
      value: 0
      objectReference: {fileID: 0}
    - target: {fileID: 458332, guid: f4f4512ebab284c8591b25fbdba12ea7, type: 2}
      propertyPath: m_LocalPosition.z
      value: -10
      objectReference: {fileID: 0}
    - target: {fileID: 458332, guid: f4f4512ebab284c8591b25fbdba12ea7, type: 2}
      propertyPath: m_LocalRotation.x
      value: 0
      objectReference: {fileID: 0}
    - target: {fileID: 458332, guid: f4f4512ebab284c8591b25fbdba12ea7, type: 2}
      propertyPath: m_LocalRotation.y
      value: 0
      objectReference: {fileID: 0}
    - target: {fileID: 458332, guid: f4f4512ebab284c8591b25fbdba12ea7, type: 2}
      propertyPath: m_LocalRotation.z
      value: 0
      objectReference: {fileID: 0}
    - target: {fileID: 458332, guid: f4f4512ebab284c8591b25fbdba12ea7, type: 2}
      propertyPath: m_LocalRotation.w
      value: 1
      objectReference: {fileID: 0}
    - target: {fileID: 458332, guid: f4f4512ebab284c8591b25fbdba12ea7, type: 2}
      propertyPath: m_RootOrder
      value: 5
      objectReference: {fileID: 0}
    - target: {fileID: 11470982, guid: f4f4512ebab284c8591b25fbdba12ea7, type: 2}
      propertyPath: FollowObject
      value: 
      objectReference: {fileID: 1655538268}
    - target: {fileID: 2011648, guid: f4f4512ebab284c8591b25fbdba12ea7, type: 2}
      propertyPath: m_TargetTexture
      value: 
      objectReference: {fileID: 0}
    - target: {fileID: 2011648, guid: f4f4512ebab284c8591b25fbdba12ea7, type: 2}
      propertyPath: orthographic size
      value: 345.730011
      objectReference: {fileID: 0}
    m_RemovedComponents: []
  m_ParentPrefab: {fileID: 100100000, guid: f4f4512ebab284c8591b25fbdba12ea7, type: 2}
  m_IsPrefabParent: 0
--- !u!1001 &954912599
Prefab:
  m_ObjectHideFlags: 0
  serializedVersion: 2
  m_Modification:
    m_TransformParent: {fileID: 1147301365}
    m_Modifications:
    - target: {fileID: 422834, guid: e0280309221e34526ac00b21006e039d, type: 2}
      propertyPath: m_LocalPosition.x
      value: .100000001
      objectReference: {fileID: 0}
    - target: {fileID: 422834, guid: e0280309221e34526ac00b21006e039d, type: 2}
      propertyPath: m_LocalPosition.y
      value: .25
      objectReference: {fileID: 0}
    - target: {fileID: 422834, guid: e0280309221e34526ac00b21006e039d, type: 2}
      propertyPath: m_LocalPosition.z
      value: 0
      objectReference: {fileID: 0}
    - target: {fileID: 422834, guid: e0280309221e34526ac00b21006e039d, type: 2}
      propertyPath: m_LocalRotation.x
      value: 0
      objectReference: {fileID: 0}
    - target: {fileID: 422834, guid: e0280309221e34526ac00b21006e039d, type: 2}
      propertyPath: m_LocalRotation.y
      value: 0
      objectReference: {fileID: 0}
    - target: {fileID: 422834, guid: e0280309221e34526ac00b21006e039d, type: 2}
      propertyPath: m_LocalRotation.z
      value: 0
      objectReference: {fileID: 0}
    - target: {fileID: 422834, guid: e0280309221e34526ac00b21006e039d, type: 2}
      propertyPath: m_LocalRotation.w
      value: 1
      objectReference: {fileID: 0}
    - target: {fileID: 422834, guid: e0280309221e34526ac00b21006e039d, type: 2}
      propertyPath: m_RootOrder
      value: 1
      objectReference: {fileID: 0}
    - target: {fileID: 131454, guid: e0280309221e34526ac00b21006e039d, type: 2}
      propertyPath: m_Name
      value: Alien (1)
      objectReference: {fileID: 0}
    m_RemovedComponents: []
  m_ParentPrefab: {fileID: 100100000, guid: e0280309221e34526ac00b21006e039d, type: 2}
  m_IsPrefabParent: 0
--- !u!4 &954912600 stripped
Transform:
  m_PrefabParentObject: {fileID: 422834, guid: e0280309221e34526ac00b21006e039d, type: 2}
  m_PrefabInternal: {fileID: 954912599}
--- !u!4 &964424953 stripped
Transform:
  m_PrefabParentObject: {fileID: 422834, guid: e0280309221e34526ac00b21006e039d, type: 2}
  m_PrefabInternal: {fileID: 1907987819}
--- !u!114 &1002202688 stripped
MonoBehaviour:
  m_PrefabParentObject: {fileID: 11470982, guid: f4f4512ebab284c8591b25fbdba12ea7,
    type: 2}
  m_PrefabInternal: {fileID: 948796728}
  m_Script: {fileID: 11500000, guid: 19110eb0ae90e0e42a74060664b39e17, type: 3}
--- !u!4 &1025948537 stripped
Transform:
  m_PrefabParentObject: {fileID: 422834, guid: e0280309221e34526ac00b21006e039d, type: 2}
  m_PrefabInternal: {fileID: 1909361577}
--- !u!1001 &1138162589
Prefab:
  m_ObjectHideFlags: 0
  serializedVersion: 2
  m_Modification:
    m_TransformParent: {fileID: 0}
    m_Modifications:
    - target: {fileID: 414234, guid: e7b604e6f945eb94b910a6c86cf14d75, type: 2}
      propertyPath: m_LocalPosition.x
      value: 0
      objectReference: {fileID: 0}
    - target: {fileID: 414234, guid: e7b604e6f945eb94b910a6c86cf14d75, type: 2}
      propertyPath: m_LocalPosition.y
      value: 0
      objectReference: {fileID: 0}
    - target: {fileID: 414234, guid: e7b604e6f945eb94b910a6c86cf14d75, type: 2}
      propertyPath: m_LocalPosition.z
      value: 0
      objectReference: {fileID: 0}
    - target: {fileID: 414234, guid: e7b604e6f945eb94b910a6c86cf14d75, type: 2}
      propertyPath: m_LocalRotation.x
      value: 0
      objectReference: {fileID: 0}
    - target: {fileID: 414234, guid: e7b604e6f945eb94b910a6c86cf14d75, type: 2}
      propertyPath: m_LocalRotation.y
      value: 0
      objectReference: {fileID: 0}
    - target: {fileID: 414234, guid: e7b604e6f945eb94b910a6c86cf14d75, type: 2}
      propertyPath: m_LocalRotation.z
      value: 0
      objectReference: {fileID: 0}
    - target: {fileID: 414234, guid: e7b604e6f945eb94b910a6c86cf14d75, type: 2}
      propertyPath: m_LocalRotation.w
      value: 1
      objectReference: {fileID: 0}
    - target: {fileID: 414234, guid: e7b604e6f945eb94b910a6c86cf14d75, type: 2}
      propertyPath: m_RootOrder
      value: 3
      objectReference: {fileID: 0}
    - target: {fileID: 11405194, guid: e7b604e6f945eb94b910a6c86cf14d75, type: 2}
      propertyPath: FloorMaker
      value: 
      objectReference: {fileID: 165834, guid: 3dc1546c6f883a44aa69e4419ad1b0b8, type: 2}
    - target: {fileID: 179306, guid: e7b604e6f945eb94b910a6c86cf14d75, type: 2}
      propertyPath: m_IsActive
      value: 1
      objectReference: {fileID: 0}
    - target: {fileID: 11405194, guid: e7b604e6f945eb94b910a6c86cf14d75, type: 2}
      propertyPath: TileSize
      value: 32
      objectReference: {fileID: 0}
    - target: {fileID: 11405194, guid: e7b604e6f945eb94b910a6c86cf14d75, type: 2}
      propertyPath: WallObject
      value: 
      objectReference: {fileID: 155148, guid: 76210334e1ee3864b839663762d72310, type: 2}
    - target: {fileID: 11405194, guid: e7b604e6f945eb94b910a6c86cf14d75, type: 2}
      propertyPath: tileBufferNo
      value: 10
      objectReference: {fileID: 0}
    - target: {fileID: 11405194, guid: e7b604e6f945eb94b910a6c86cf14d75, type: 2}
      propertyPath: Mask1.m_Bits
      value: 4096
      objectReference: {fileID: 0}
    - target: {fileID: 11405194, guid: e7b604e6f945eb94b910a6c86cf14d75, type: 2}
      propertyPath: Mask2.m_Bits
      value: 0
      objectReference: {fileID: 0}
    m_RemovedComponents: []
  m_ParentPrefab: {fileID: 100100000, guid: e7b604e6f945eb94b910a6c86cf14d75, type: 2}
  m_IsPrefabParent: 0
--- !u!1 &1147301364
GameObject:
  m_ObjectHideFlags: 0
  m_PrefabParentObject: {fileID: 0}
  m_PrefabInternal: {fileID: 0}
  serializedVersion: 4
  m_Component:
  - 4: {fileID: 1147301365}
  - 114: {fileID: 1147301366}
  m_Layer: 0
  m_Name: AlienHorde
  m_TagString: Untagged
  m_Icon: {fileID: 0}
  m_NavMeshLayer: 0
  m_StaticEditorFlags: 0
  m_IsActive: 0
--- !u!4 &1147301365
Transform:
  m_ObjectHideFlags: 0
  m_PrefabParentObject: {fileID: 0}
  m_PrefabInternal: {fileID: 0}
  m_GameObject: {fileID: 1147301364}
  m_LocalRotation: {x: 0, y: 0, z: 0, w: 1}
  m_LocalPosition: {x: 0, y: 0, z: 0}
  m_LocalScale: {x: 1, y: 1, z: 1}
  m_Children:
  - {fileID: 98314897}
  - {fileID: 954912600}
  - {fileID: 649393605}
  - {fileID: 921239422}
  - {fileID: 704831780}
  - {fileID: 1478148830}
  - {fileID: 80213307}
  - {fileID: 1925573962}
  - {fileID: 784127589}
  - {fileID: 742869855}
  - {fileID: 849169042}
  - {fileID: 607312348}
  - {fileID: 1600718637}
  - {fileID: 1231206630}
  - {fileID: 2074892875}
  - {fileID: 964424953}
  - {fileID: 428195660}
  - {fileID: 1797424238}
  - {fileID: 234574215}
  - {fileID: 721673884}
  - {fileID: 1025948537}
  - {fileID: 2091109661}
  m_Father: {fileID: 0}
  m_RootOrder: 0
--- !u!114 &1147301366
MonoBehaviour:
  m_ObjectHideFlags: 0
  m_PrefabParentObject: {fileID: 0}
  m_PrefabInternal: {fileID: 0}
  m_GameObject: {fileID: 1147301364}
  m_Enabled: 1
  m_EditorHideFlags: 0
  m_Script: {fileID: 11500000, guid: 7410a1810b9fa4dd08733a0370e8bebd, type: 3}
  m_Name: 
  m_EditorClassIdentifier: 
  NumAliens: 0
  Alien: {fileID: 0}
  AttackRadius: 100
  SightLayer:
    serializedVersion: 2
    m_Bits: 0
  SeparationRadius: .449999988
  DebugText: {fileID: 0}
--- !u!4 &1231206630 stripped
Transform:
  m_PrefabParentObject: {fileID: 422834, guid: e0280309221e34526ac00b21006e039d, type: 2}
  m_PrefabInternal: {fileID: 350365061}
--- !u!1001 &1282838484
Prefab:
  m_ObjectHideFlags: 0
  serializedVersion: 2
  m_Modification:
    m_TransformParent: {fileID: 1147301365}
    m_Modifications:
    - target: {fileID: 422834, guid: e0280309221e34526ac00b21006e039d, type: 2}
      propertyPath: m_LocalPosition.x
      value: .25999999
      objectReference: {fileID: 0}
    - target: {fileID: 422834, guid: e0280309221e34526ac00b21006e039d, type: 2}
      propertyPath: m_LocalPosition.y
      value: -.579999983
      objectReference: {fileID: 0}
    - target: {fileID: 422834, guid: e0280309221e34526ac00b21006e039d, type: 2}
      propertyPath: m_LocalPosition.z
      value: 0
      objectReference: {fileID: 0}
    - target: {fileID: 422834, guid: e0280309221e34526ac00b21006e039d, type: 2}
      propertyPath: m_LocalRotation.x
      value: 0
      objectReference: {fileID: 0}
    - target: {fileID: 422834, guid: e0280309221e34526ac00b21006e039d, type: 2}
      propertyPath: m_LocalRotation.y
      value: 0
      objectReference: {fileID: 0}
    - target: {fileID: 422834, guid: e0280309221e34526ac00b21006e039d, type: 2}
      propertyPath: m_LocalRotation.z
      value: 0
      objectReference: {fileID: 0}
    - target: {fileID: 422834, guid: e0280309221e34526ac00b21006e039d, type: 2}
      propertyPath: m_LocalRotation.w
      value: 1
      objectReference: {fileID: 0}
    - target: {fileID: 422834, guid: e0280309221e34526ac00b21006e039d, type: 2}
      propertyPath: m_RootOrder
      value: 17
      objectReference: {fileID: 0}
    - target: {fileID: 131454, guid: e0280309221e34526ac00b21006e039d, type: 2}
      propertyPath: m_Name
      value: Alien (16)
      objectReference: {fileID: 0}
    - target: {fileID: 11421542, guid: e0280309221e34526ac00b21006e039d, type: 2}
      propertyPath: SeekPosition.x
      value: .25999999
      objectReference: {fileID: 0}
    - target: {fileID: 11421542, guid: e0280309221e34526ac00b21006e039d, type: 2}
      propertyPath: SeekPosition.y
      value: -.579999983
      objectReference: {fileID: 0}
    m_RemovedComponents: []
  m_ParentPrefab: {fileID: 100100000, guid: e0280309221e34526ac00b21006e039d, type: 2}
  m_IsPrefabParent: 0
--- !u!1001 &1466637289
Prefab:
  m_ObjectHideFlags: 0
  serializedVersion: 2
  m_Modification:
    m_TransformParent: {fileID: 1147301365}
    m_Modifications:
    - target: {fileID: 422834, guid: e0280309221e34526ac00b21006e039d, type: 2}
      propertyPath: m_LocalPosition.x
      value: .25999999
      objectReference: {fileID: 0}
    - target: {fileID: 422834, guid: e0280309221e34526ac00b21006e039d, type: 2}
      propertyPath: m_LocalPosition.y
      value: -.579999983
      objectReference: {fileID: 0}
    - target: {fileID: 422834, guid: e0280309221e34526ac00b21006e039d, type: 2}
      propertyPath: m_LocalPosition.z
      value: 0
      objectReference: {fileID: 0}
    - target: {fileID: 422834, guid: e0280309221e34526ac00b21006e039d, type: 2}
      propertyPath: m_LocalRotation.x
      value: 0
      objectReference: {fileID: 0}
    - target: {fileID: 422834, guid: e0280309221e34526ac00b21006e039d, type: 2}
      propertyPath: m_LocalRotation.y
      value: 0
      objectReference: {fileID: 0}
    - target: {fileID: 422834, guid: e0280309221e34526ac00b21006e039d, type: 2}
      propertyPath: m_LocalRotation.z
      value: 0
      objectReference: {fileID: 0}
    - target: {fileID: 422834, guid: e0280309221e34526ac00b21006e039d, type: 2}
      propertyPath: m_LocalRotation.w
      value: 1
      objectReference: {fileID: 0}
    - target: {fileID: 422834, guid: e0280309221e34526ac00b21006e039d, type: 2}
      propertyPath: m_RootOrder
      value: 9
      objectReference: {fileID: 0}
    - target: {fileID: 131454, guid: e0280309221e34526ac00b21006e039d, type: 2}
      propertyPath: m_Name
      value: Alien (8)
      objectReference: {fileID: 0}
    - target: {fileID: 11421542, guid: e0280309221e34526ac00b21006e039d, type: 2}
      propertyPath: SeekPosition.x
      value: .25999999
      objectReference: {fileID: 0}
    - target: {fileID: 11421542, guid: e0280309221e34526ac00b21006e039d, type: 2}
      propertyPath: SeekPosition.y
      value: -.579999983
      objectReference: {fileID: 0}
    m_RemovedComponents: []
  m_ParentPrefab: {fileID: 100100000, guid: e0280309221e34526ac00b21006e039d, type: 2}
  m_IsPrefabParent: 0
--- !u!1001 &1478148829
Prefab:
  m_ObjectHideFlags: 0
  serializedVersion: 2
  m_Modification:
    m_TransformParent: {fileID: 1147301365}
    m_Modifications:
    - target: {fileID: 422834, guid: e0280309221e34526ac00b21006e039d, type: 2}
      propertyPath: m_LocalPosition.x
      value: .230000004
      objectReference: {fileID: 0}
    - target: {fileID: 422834, guid: e0280309221e34526ac00b21006e039d, type: 2}
      propertyPath: m_LocalPosition.y
      value: -.200000003
      objectReference: {fileID: 0}
    - target: {fileID: 422834, guid: e0280309221e34526ac00b21006e039d, type: 2}
      propertyPath: m_LocalPosition.z
      value: 0
      objectReference: {fileID: 0}
    - target: {fileID: 422834, guid: e0280309221e34526ac00b21006e039d, type: 2}
      propertyPath: m_LocalRotation.x
      value: 0
      objectReference: {fileID: 0}
    - target: {fileID: 422834, guid: e0280309221e34526ac00b21006e039d, type: 2}
      propertyPath: m_LocalRotation.y
      value: 0
      objectReference: {fileID: 0}
    - target: {fileID: 422834, guid: e0280309221e34526ac00b21006e039d, type: 2}
      propertyPath: m_LocalRotation.z
      value: 0
      objectReference: {fileID: 0}
    - target: {fileID: 422834, guid: e0280309221e34526ac00b21006e039d, type: 2}
      propertyPath: m_LocalRotation.w
      value: 1
      objectReference: {fileID: 0}
    - target: {fileID: 422834, guid: e0280309221e34526ac00b21006e039d, type: 2}
      propertyPath: m_RootOrder
      value: 5
      objectReference: {fileID: 0}
    - target: {fileID: 131454, guid: e0280309221e34526ac00b21006e039d, type: 2}
      propertyPath: m_Name
      value: Alien (5)
      objectReference: {fileID: 0}
    - target: {fileID: 131454, guid: e0280309221e34526ac00b21006e039d, type: 2}
      propertyPath: m_IsActive
      value: 1
      objectReference: {fileID: 0}
    m_RemovedComponents: []
  m_ParentPrefab: {fileID: 100100000, guid: e0280309221e34526ac00b21006e039d, type: 2}
  m_IsPrefabParent: 0
--- !u!4 &1478148830 stripped
Transform:
  m_PrefabParentObject: {fileID: 422834, guid: e0280309221e34526ac00b21006e039d, type: 2}
  m_PrefabInternal: {fileID: 1478148829}
--- !u!1 &1565105655
GameObject:
  m_ObjectHideFlags: 0
  m_PrefabParentObject: {fileID: 0}
  m_PrefabInternal: {fileID: 0}
  serializedVersion: 4
  m_Component:
  - 4: {fileID: 1565105656}
  - 114: {fileID: 1565105657}
  m_Layer: 0
  m_Name: InControl
  m_TagString: Untagged
  m_Icon: {fileID: 0}
  m_NavMeshLayer: 0
  m_StaticEditorFlags: 0
  m_IsActive: 1
--- !u!4 &1565105656
Transform:
  m_ObjectHideFlags: 0
  m_PrefabParentObject: {fileID: 0}
  m_PrefabInternal: {fileID: 0}
  m_GameObject: {fileID: 1565105655}
  m_LocalRotation: {x: 0, y: 0, z: 0, w: 1}
  m_LocalPosition: {x: 0, y: 0, z: 0}
  m_LocalScale: {x: 1, y: 1, z: 1}
  m_Children: []
  m_Father: {fileID: 504622866}
  m_RootOrder: 0
--- !u!114 &1565105657
MonoBehaviour:
  m_ObjectHideFlags: 0
  m_PrefabParentObject: {fileID: 0}
  m_PrefabInternal: {fileID: 0}
  m_GameObject: {fileID: 1565105655}
  m_Enabled: 1
  m_EditorHideFlags: 0
  m_Script: {fileID: 11500000, guid: c7b5e8de77c5b4597ae7fbfb49a95e22, type: 3}
  m_Name: 
  m_EditorClassIdentifier: 
  logDebugInfo: 1
  invertYAxis: 0
  enableXInput: 0
  useFixedUpdate: 0
  dontDestroyOnLoad: 0
  customProfiles: []
--- !u!4 &1600718637 stripped
Transform:
  m_PrefabParentObject: {fileID: 422834, guid: e0280309221e34526ac00b21006e039d, type: 2}
  m_PrefabInternal: {fileID: 1813123298}
--- !u!1001 &1645954699
Prefab:
  m_ObjectHideFlags: 0
  serializedVersion: 2
  m_Modification:
    m_TransformParent: {fileID: 0}
    m_Modifications:
    - target: {fileID: 486286, guid: 3dc1546c6f883a44aa69e4419ad1b0b8, type: 2}
      propertyPath: m_LocalPosition.x
      value: -355
      objectReference: {fileID: 0}
    - target: {fileID: 486286, guid: 3dc1546c6f883a44aa69e4419ad1b0b8, type: 2}
      propertyPath: m_LocalPosition.y
      value: 98
      objectReference: {fileID: 0}
    - target: {fileID: 486286, guid: 3dc1546c6f883a44aa69e4419ad1b0b8, type: 2}
      propertyPath: m_LocalPosition.z
      value: 0
      objectReference: {fileID: 0}
    - target: {fileID: 486286, guid: 3dc1546c6f883a44aa69e4419ad1b0b8, type: 2}
      propertyPath: m_LocalRotation.x
      value: 0
      objectReference: {fileID: 0}
    - target: {fileID: 486286, guid: 3dc1546c6f883a44aa69e4419ad1b0b8, type: 2}
      propertyPath: m_LocalRotation.y
      value: 0
      objectReference: {fileID: 0}
    - target: {fileID: 486286, guid: 3dc1546c6f883a44aa69e4419ad1b0b8, type: 2}
      propertyPath: m_LocalRotation.z
      value: 0
      objectReference: {fileID: 0}
    - target: {fileID: 486286, guid: 3dc1546c6f883a44aa69e4419ad1b0b8, type: 2}
      propertyPath: m_LocalRotation.w
      value: 1
      objectReference: {fileID: 0}
    - target: {fileID: 486286, guid: 3dc1546c6f883a44aa69e4419ad1b0b8, type: 2}
      propertyPath: m_RootOrder
      value: 4
      objectReference: {fileID: 0}
    - target: {fileID: 165834, guid: 3dc1546c6f883a44aa69e4419ad1b0b8, type: 2}
      propertyPath: m_IsActive
      value: 0
      objectReference: {fileID: 0}
    m_RemovedComponents: []
  m_ParentPrefab: {fileID: 100100000, guid: 3dc1546c6f883a44aa69e4419ad1b0b8, type: 2}
  m_IsPrefabParent: 0
--- !u!1 &1655538268 stripped
GameObject:
  m_PrefabParentObject: {fileID: 183040, guid: 30224bcfafe2c41a9800c536c9c718f4, type: 2}
  m_PrefabInternal: {fileID: 2045433702}
--- !u!1001 &1748683272
Prefab:
  m_ObjectHideFlags: 0
  serializedVersion: 2
  m_Modification:
    m_TransformParent: {fileID: 1147301365}
    m_Modifications:
    - target: {fileID: 422834, guid: e0280309221e34526ac00b21006e039d, type: 2}
      propertyPath: m_LocalPosition.x
      value: .25999999
      objectReference: {fileID: 0}
    - target: {fileID: 422834, guid: e0280309221e34526ac00b21006e039d, type: 2}
      propertyPath: m_LocalPosition.y
      value: -.579999983
      objectReference: {fileID: 0}
    - target: {fileID: 422834, guid: e0280309221e34526ac00b21006e039d, type: 2}
      propertyPath: m_LocalPosition.z
      value: 0
      objectReference: {fileID: 0}
    - target: {fileID: 422834, guid: e0280309221e34526ac00b21006e039d, type: 2}
      propertyPath: m_LocalRotation.x
      value: 0
      objectReference: {fileID: 0}
    - target: {fileID: 422834, guid: e0280309221e34526ac00b21006e039d, type: 2}
      propertyPath: m_LocalRotation.y
      value: 0
      objectReference: {fileID: 0}
    - target: {fileID: 422834, guid: e0280309221e34526ac00b21006e039d, type: 2}
      propertyPath: m_LocalRotation.z
      value: 0
      objectReference: {fileID: 0}
    - target: {fileID: 422834, guid: e0280309221e34526ac00b21006e039d, type: 2}
      propertyPath: m_LocalRotation.w
      value: 1
      objectReference: {fileID: 0}
    - target: {fileID: 422834, guid: e0280309221e34526ac00b21006e039d, type: 2}
      propertyPath: m_RootOrder
      value: 10
      objectReference: {fileID: 0}
    - target: {fileID: 131454, guid: e0280309221e34526ac00b21006e039d, type: 2}
      propertyPath: m_Name
      value: Alien (11)
      objectReference: {fileID: 0}
    - target: {fileID: 11421542, guid: e0280309221e34526ac00b21006e039d, type: 2}
      propertyPath: SeekPosition.x
      value: .25999999
      objectReference: {fileID: 0}
    - target: {fileID: 11421542, guid: e0280309221e34526ac00b21006e039d, type: 2}
      propertyPath: SeekPosition.y
      value: -.579999983
      objectReference: {fileID: 0}
    m_RemovedComponents: []
  m_ParentPrefab: {fileID: 100100000, guid: e0280309221e34526ac00b21006e039d, type: 2}
  m_IsPrefabParent: 0
--- !u!1001 &1765798278
Prefab:
  m_ObjectHideFlags: 0
  serializedVersion: 2
  m_Modification:
    m_TransformParent: {fileID: 1147301365}
    m_Modifications:
    - target: {fileID: 422834, guid: e0280309221e34526ac00b21006e039d, type: 2}
      propertyPath: m_LocalPosition.x
      value: .25999999
      objectReference: {fileID: 0}
    - target: {fileID: 422834, guid: e0280309221e34526ac00b21006e039d, type: 2}
      propertyPath: m_LocalPosition.y
      value: -.579999983
      objectReference: {fileID: 0}
    - target: {fileID: 422834, guid: e0280309221e34526ac00b21006e039d, type: 2}
      propertyPath: m_LocalPosition.z
      value: 0
      objectReference: {fileID: 0}
    - target: {fileID: 422834, guid: e0280309221e34526ac00b21006e039d, type: 2}
      propertyPath: m_LocalRotation.x
      value: 0
      objectReference: {fileID: 0}
    - target: {fileID: 422834, guid: e0280309221e34526ac00b21006e039d, type: 2}
      propertyPath: m_LocalRotation.y
      value: 0
      objectReference: {fileID: 0}
    - target: {fileID: 422834, guid: e0280309221e34526ac00b21006e039d, type: 2}
      propertyPath: m_LocalRotation.z
      value: 0
      objectReference: {fileID: 0}
    - target: {fileID: 422834, guid: e0280309221e34526ac00b21006e039d, type: 2}
      propertyPath: m_LocalRotation.w
      value: 1
      objectReference: {fileID: 0}
    - target: {fileID: 422834, guid: e0280309221e34526ac00b21006e039d, type: 2}
      propertyPath: m_RootOrder
      value: 7
      objectReference: {fileID: 0}
    - target: {fileID: 131454, guid: e0280309221e34526ac00b21006e039d, type: 2}
      propertyPath: m_Name
      value: Alien (7)
      objectReference: {fileID: 0}
    - target: {fileID: 11421542, guid: e0280309221e34526ac00b21006e039d, type: 2}
      propertyPath: SeekPosition.x
      value: .25999999
      objectReference: {fileID: 0}
    - target: {fileID: 11421542, guid: e0280309221e34526ac00b21006e039d, type: 2}
      propertyPath: SeekPosition.y
      value: -.579999983
      objectReference: {fileID: 0}
    m_RemovedComponents: []
  m_ParentPrefab: {fileID: 100100000, guid: e0280309221e34526ac00b21006e039d, type: 2}
  m_IsPrefabParent: 0
--- !u!4 &1797424238 stripped
Transform:
  m_PrefabParentObject: {fileID: 422834, guid: e0280309221e34526ac00b21006e039d, type: 2}
  m_PrefabInternal: {fileID: 1282838484}
--- !u!1001 &1813123298
Prefab:
  m_ObjectHideFlags: 0
  serializedVersion: 2
  m_Modification:
    m_TransformParent: {fileID: 1147301365}
    m_Modifications:
    - target: {fileID: 422834, guid: e0280309221e34526ac00b21006e039d, type: 2}
      propertyPath: m_LocalPosition.x
      value: .25999999
      objectReference: {fileID: 0}
    - target: {fileID: 422834, guid: e0280309221e34526ac00b21006e039d, type: 2}
      propertyPath: m_LocalPosition.y
      value: -.579999983
      objectReference: {fileID: 0}
    - target: {fileID: 422834, guid: e0280309221e34526ac00b21006e039d, type: 2}
      propertyPath: m_LocalPosition.z
      value: 0
      objectReference: {fileID: 0}
    - target: {fileID: 422834, guid: e0280309221e34526ac00b21006e039d, type: 2}
      propertyPath: m_LocalRotation.x
      value: 0
      objectReference: {fileID: 0}
    - target: {fileID: 422834, guid: e0280309221e34526ac00b21006e039d, type: 2}
      propertyPath: m_LocalRotation.y
      value: 0
      objectReference: {fileID: 0}
    - target: {fileID: 422834, guid: e0280309221e34526ac00b21006e039d, type: 2}
      propertyPath: m_LocalRotation.z
      value: 0
      objectReference: {fileID: 0}
    - target: {fileID: 422834, guid: e0280309221e34526ac00b21006e039d, type: 2}
      propertyPath: m_LocalRotation.w
      value: 1
      objectReference: {fileID: 0}
    - target: {fileID: 422834, guid: e0280309221e34526ac00b21006e039d, type: 2}
      propertyPath: m_RootOrder
      value: 12
      objectReference: {fileID: 0}
    - target: {fileID: 131454, guid: e0280309221e34526ac00b21006e039d, type: 2}
      propertyPath: m_Name
      value: Alien (12)
      objectReference: {fileID: 0}
    - target: {fileID: 11421542, guid: e0280309221e34526ac00b21006e039d, type: 2}
      propertyPath: SeekPosition.x
      value: .25999999
      objectReference: {fileID: 0}
    - target: {fileID: 11421542, guid: e0280309221e34526ac00b21006e039d, type: 2}
      propertyPath: SeekPosition.y
      value: -.579999983
      objectReference: {fileID: 0}
    m_RemovedComponents: []
  m_ParentPrefab: {fileID: 100100000, guid: e0280309221e34526ac00b21006e039d, type: 2}
  m_IsPrefabParent: 0
--- !u!1001 &1907987819
Prefab:
  m_ObjectHideFlags: 0
  serializedVersion: 2
  m_Modification:
    m_TransformParent: {fileID: 1147301365}
    m_Modifications:
    - target: {fileID: 422834, guid: e0280309221e34526ac00b21006e039d, type: 2}
      propertyPath: m_LocalPosition.x
      value: .25999999
      objectReference: {fileID: 0}
    - target: {fileID: 422834, guid: e0280309221e34526ac00b21006e039d, type: 2}
      propertyPath: m_LocalPosition.y
      value: -.579999983
      objectReference: {fileID: 0}
    - target: {fileID: 422834, guid: e0280309221e34526ac00b21006e039d, type: 2}
      propertyPath: m_LocalPosition.z
      value: 0
      objectReference: {fileID: 0}
    - target: {fileID: 422834, guid: e0280309221e34526ac00b21006e039d, type: 2}
      propertyPath: m_LocalRotation.x
      value: 0
      objectReference: {fileID: 0}
    - target: {fileID: 422834, guid: e0280309221e34526ac00b21006e039d, type: 2}
      propertyPath: m_LocalRotation.y
      value: 0
      objectReference: {fileID: 0}
    - target: {fileID: 422834, guid: e0280309221e34526ac00b21006e039d, type: 2}
      propertyPath: m_LocalRotation.z
      value: 0
      objectReference: {fileID: 0}
    - target: {fileID: 422834, guid: e0280309221e34526ac00b21006e039d, type: 2}
      propertyPath: m_LocalRotation.w
      value: 1
      objectReference: {fileID: 0}
    - target: {fileID: 422834, guid: e0280309221e34526ac00b21006e039d, type: 2}
      propertyPath: m_RootOrder
      value: 15
      objectReference: {fileID: 0}
    - target: {fileID: 131454, guid: e0280309221e34526ac00b21006e039d, type: 2}
      propertyPath: m_Name
      value: Alien (17)
      objectReference: {fileID: 0}
    - target: {fileID: 11421542, guid: e0280309221e34526ac00b21006e039d, type: 2}
      propertyPath: SeekPosition.x
      value: .25999999
      objectReference: {fileID: 0}
    - target: {fileID: 11421542, guid: e0280309221e34526ac00b21006e039d, type: 2}
      propertyPath: SeekPosition.y
      value: -.579999983
      objectReference: {fileID: 0}
    m_RemovedComponents: []
  m_ParentPrefab: {fileID: 100100000, guid: e0280309221e34526ac00b21006e039d, type: 2}
  m_IsPrefabParent: 0
--- !u!1001 &1909361577
Prefab:
  m_ObjectHideFlags: 0
  serializedVersion: 2
  m_Modification:
    m_TransformParent: {fileID: 1147301365}
    m_Modifications:
    - target: {fileID: 422834, guid: e0280309221e34526ac00b21006e039d, type: 2}
      propertyPath: m_LocalPosition.x
      value: .25999999
      objectReference: {fileID: 0}
    - target: {fileID: 422834, guid: e0280309221e34526ac00b21006e039d, type: 2}
      propertyPath: m_LocalPosition.y
      value: -.579999983
      objectReference: {fileID: 0}
    - target: {fileID: 422834, guid: e0280309221e34526ac00b21006e039d, type: 2}
      propertyPath: m_LocalPosition.z
      value: 0
      objectReference: {fileID: 0}
    - target: {fileID: 422834, guid: e0280309221e34526ac00b21006e039d, type: 2}
      propertyPath: m_LocalRotation.x
      value: 0
      objectReference: {fileID: 0}
    - target: {fileID: 422834, guid: e0280309221e34526ac00b21006e039d, type: 2}
      propertyPath: m_LocalRotation.y
      value: 0
      objectReference: {fileID: 0}
    - target: {fileID: 422834, guid: e0280309221e34526ac00b21006e039d, type: 2}
      propertyPath: m_LocalRotation.z
      value: 0
      objectReference: {fileID: 0}
    - target: {fileID: 422834, guid: e0280309221e34526ac00b21006e039d, type: 2}
      propertyPath: m_LocalRotation.w
      value: 1
      objectReference: {fileID: 0}
    - target: {fileID: 422834, guid: e0280309221e34526ac00b21006e039d, type: 2}
      propertyPath: m_RootOrder
      value: 20
      objectReference: {fileID: 0}
    - target: {fileID: 131454, guid: e0280309221e34526ac00b21006e039d, type: 2}
      propertyPath: m_Name
      value: Alien (21)
      objectReference: {fileID: 0}
    - target: {fileID: 11421542, guid: e0280309221e34526ac00b21006e039d, type: 2}
      propertyPath: SeekPosition.x
      value: .25999999
      objectReference: {fileID: 0}
    - target: {fileID: 11421542, guid: e0280309221e34526ac00b21006e039d, type: 2}
      propertyPath: SeekPosition.y
      value: -.579999983
      objectReference: {fileID: 0}
    m_RemovedComponents: []
  m_ParentPrefab: {fileID: 100100000, guid: e0280309221e34526ac00b21006e039d, type: 2}
  m_IsPrefabParent: 0
--- !u!4 &1925573962 stripped
Transform:
  m_PrefabParentObject: {fileID: 422834, guid: e0280309221e34526ac00b21006e039d, type: 2}
  m_PrefabInternal: {fileID: 1765798278}
--- !u!1001 &1949293444
Prefab:
  m_ObjectHideFlags: 0
  serializedVersion: 2
  m_Modification:
    m_TransformParent: {fileID: 1147301365}
    m_Modifications:
    - target: {fileID: 422834, guid: e0280309221e34526ac00b21006e039d, type: 2}
      propertyPath: m_LocalPosition.x
      value: 7.19999981
      objectReference: {fileID: 0}
    - target: {fileID: 422834, guid: e0280309221e34526ac00b21006e039d, type: 2}
      propertyPath: m_LocalPosition.y
      value: -26.1000004
      objectReference: {fileID: 0}
    - target: {fileID: 422834, guid: e0280309221e34526ac00b21006e039d, type: 2}
      propertyPath: m_LocalPosition.z
      value: 0
      objectReference: {fileID: 0}
    - target: {fileID: 422834, guid: e0280309221e34526ac00b21006e039d, type: 2}
      propertyPath: m_LocalRotation.x
      value: 0
      objectReference: {fileID: 0}
    - target: {fileID: 422834, guid: e0280309221e34526ac00b21006e039d, type: 2}
      propertyPath: m_LocalRotation.y
      value: 0
      objectReference: {fileID: 0}
    - target: {fileID: 422834, guid: e0280309221e34526ac00b21006e039d, type: 2}
      propertyPath: m_LocalRotation.z
      value: 0
      objectReference: {fileID: 0}
    - target: {fileID: 422834, guid: e0280309221e34526ac00b21006e039d, type: 2}
      propertyPath: m_LocalRotation.w
      value: 1
      objectReference: {fileID: 0}
    - target: {fileID: 422834, guid: e0280309221e34526ac00b21006e039d, type: 2}
      propertyPath: m_RootOrder
      value: 19
      objectReference: {fileID: 0}
    - target: {fileID: 131454, guid: e0280309221e34526ac00b21006e039d, type: 2}
      propertyPath: m_Name
      value: Alien (18)
      objectReference: {fileID: 0}
    - target: {fileID: 11421542, guid: e0280309221e34526ac00b21006e039d, type: 2}
      propertyPath: SeekPosition.x
      value: .25999999
      objectReference: {fileID: 0}
    - target: {fileID: 11421542, guid: e0280309221e34526ac00b21006e039d, type: 2}
      propertyPath: SeekPosition.y
      value: -.579999983
      objectReference: {fileID: 0}
    m_RemovedComponents: []
  m_ParentPrefab: {fileID: 100100000, guid: e0280309221e34526ac00b21006e039d, type: 2}
  m_IsPrefabParent: 0
--- !u!1001 &2045433702
Prefab:
  m_ObjectHideFlags: 0
  serializedVersion: 2
  m_Modification:
    m_TransformParent: {fileID: 0}
    m_Modifications:
    - target: {fileID: 429626, guid: 30224bcfafe2c41a9800c536c9c718f4, type: 2}
      propertyPath: m_LocalPosition.x
      value: -253
      objectReference: {fileID: 0}
    - target: {fileID: 429626, guid: 30224bcfafe2c41a9800c536c9c718f4, type: 2}
      propertyPath: m_LocalPosition.y
      value: 1.75003159
      objectReference: {fileID: 0}
    - target: {fileID: 429626, guid: 30224bcfafe2c41a9800c536c9c718f4, type: 2}
      propertyPath: m_LocalPosition.z
      value: 0
      objectReference: {fileID: 0}
    - target: {fileID: 429626, guid: 30224bcfafe2c41a9800c536c9c718f4, type: 2}
      propertyPath: m_LocalRotation.x
      value: 0
      objectReference: {fileID: 0}
    - target: {fileID: 429626, guid: 30224bcfafe2c41a9800c536c9c718f4, type: 2}
      propertyPath: m_LocalRotation.y
      value: 0
      objectReference: {fileID: 0}
    - target: {fileID: 429626, guid: 30224bcfafe2c41a9800c536c9c718f4, type: 2}
      propertyPath: m_LocalRotation.z
      value: 0
      objectReference: {fileID: 0}
    - target: {fileID: 429626, guid: 30224bcfafe2c41a9800c536c9c718f4, type: 2}
      propertyPath: m_LocalRotation.w
      value: 1
      objectReference: {fileID: 0}
    - target: {fileID: 429626, guid: 30224bcfafe2c41a9800c536c9c718f4, type: 2}
      propertyPath: m_RootOrder
      value: 7
      objectReference: {fileID: 0}
    - target: {fileID: 11417160, guid: 30224bcfafe2c41a9800c536c9c718f4, type: 2}
      propertyPath: Camera
      value: 
      objectReference: {fileID: 1002202688}
    - target: {fileID: 11452330, guid: 30224bcfafe2c41a9800c536c9c718f4, type: 2}
      propertyPath: AmmoTypeInstance
      value: 1
      objectReference: {fileID: 0}
    - target: {fileID: 11452330, guid: 30224bcfafe2c41a9800c536c9c718f4, type: 2}
      propertyPath: WeaponTypeInstance
      value: 2
      objectReference: {fileID: 0}
    - target: {fileID: 481778, guid: 30224bcfafe2c41a9800c536c9c718f4, type: 2}
      propertyPath: m_LocalPosition.x
      value: .550000012
      objectReference: {fileID: 0}
    m_RemovedComponents: []
  m_ParentPrefab: {fileID: 100100000, guid: 30224bcfafe2c41a9800c536c9c718f4, type: 2}
  m_IsPrefabParent: 0
--- !u!4 &2074892875 stripped
Transform:
  m_PrefabParentObject: {fileID: 422834, guid: e0280309221e34526ac00b21006e039d, type: 2}
  m_PrefabInternal: {fileID: 701361946}
--- !u!4 &2091109661 stripped
Transform:
  m_PrefabParentObject: {fileID: 422834, guid: e0280309221e34526ac00b21006e039d, type: 2}
  m_PrefabInternal: {fileID: 289769214}
